@book{maclane,
	author       = {Mac Lane, Saunders},
	title        = "Categories for the Working Mathematician",
	publisher    = "Springer Science and Business Media",
	year         = {1971}
}